@inproceedings{springerlink:10.1007/978-3-642-31131-4_3,
author = {Mailund, Thomas and Halager, Anders and Westergaard, Michael},
title = {{Using Colored Petri Nets to Construct Coalescent Hidden Markov Models: Automatic Translation from Demographic Specifications to Efficient Inference Methods}},
booktitle = {Application and Theory of Petri Nets},
year = {2012},
pages = {32--50},
organization = {Bioinformatics Research Center, Aarhus University, Denmark},
publisher = {Springer Berlin / Heidelberg},
address = {Berlin, Heidelberg}
}

@article{Mailund:2011dv,
author = {Mailund, Thomas and Dutheil, Julien Y and Hobolth, Asger and Lunter, Gerton and Schierup, Mikkel H},
title = {{Estimating divergence time and ancestral effective population size of Bornean and Sumatran orangutan subspecies using a coalescent hidden Markov model.}},
journal = {PLoS Genetics},
year = {2011},
volume = {7},
number = {3},
pages = {e1001319},
month = mar
}

@article{Li:2011ez,
author = {Li, Heng and Durbin, Richard},
title = {{Inference of human population history from individual whole-genome sequences.}},
journal = {Nature},
year = {2011},
volume = {475},
number = {7357},
pages = {493--496},
month = jul
}

@article{Mailund:2012ew,
author = {Mailund, Thomas and Halager, Anders E and Westergaard, Michael and Dutheil, Julien Y and Munch, Kasper and Andersen, Lars N and Lunter, Gerton and Pr{\"u}fer, Kay and Scally, Aylwyn and Hobolth, Asger and Schierup, Mikkel H},
title = {{A New Isolation with Migration Model along Complete Genomes Infers Very Different Divergence Processes among Closely Related Great Ape Species.}},
journal = {PLoS Genetics},
year = {2012},
volume = {8},
number = {12},
pages = {e1003125--e1003125},
month = nov
}

@article{Sand:2013bi,
author = {Sand, Andreas and Kristiansen, Martin and Pedersen, Christian N S and Mailund, Thomas},
title = {{zipHMMlib: a highly optimised HMM library exploiting repetitions in the input to speed up the forward algorithm.}},
journal = {BMC Bioinformatics},
year = {2013},
volume = {14},
number = {1},
pages = {339}
}

